@article{KarlssonPB16,
  author    = {Isak Karlsson and
               Panagiotis Papapetrou and
               Henrik Bostr{\"{o}}m},
  title     = {Generalized random shapelet forests},
  journal   = {Data Min. Knowl. Discov.},
  volume    = {30},
  number    = {5},
  pages     = {1053--1085},
  year      = {2016},
  url       = {https://doi.org/10.1007/s10618-016-0473-y},
  doi       = {10.1007/s10618-016-0473-y},
  timestamp = {Wed, 26 Jul 2017 16:39:52 +0200},
  biburl    = {https://dblp.org/rec/bib/journals/datamine/KarlssonPB16},
  bibsource = {dblp computer science bibliography, https://dblp.org}
}